<collection xmlns="http://www.loc.gov/MARC21/slim">
<record>
  <leader>01471nam0a22002651i 450 </leader>
  <controlfield tag="001">IT\ICCU\CNCE\064009</controlfield>
  <controlfield tag="005">20060623000000.0</controlfield>
  <datafield tag="012" ind1=" " ind2=" ">
    <subfield code="a">meei ceio e-u- stdi (C) 1537 (R)</subfield>
    <subfield code="2">fei</subfield>
  </datafield>
  <datafield tag="100" ind1=" " ind2=" ">
    <subfield code="a">20060202d1537        0itac0103    ba</subfield>
  </datafield>
  <datafield tag="101" ind1=" " ind2=" ">
    <subfield code="a">ITA</subfield>
  </datafield>
  <datafield tag="102" ind1=" " ind2=" ">
    <subfield code="a">IT</subfield>
  </datafield>
  <datafield tag="200" ind1="1" ind2=" ">
    <subfield code="a">Meditationi deuotissime di santo Bonauentura cardinale fondate sopra la passione del nostro Signore Iesu Christo. Nouamente hystoriate, &amp; in lingua tosca corrette</subfield>
  </datafield>
  <datafield tag="210" ind1=" " ind2=" ">
    <subfield code="e">Vinegia</subfield>
    <subfield code="g">appresso santo Moyse nelle case nuoue Iustiniane per Francesco di Alessandro Bindoni &amp; Mapheo Pasyni compagni</subfield>
    <subfield code="h">1537 del mese di marzo</subfield>
  </datafield>
  <datafield tag="215" ind1=" " ind2=" ">
    <subfield code="a">\64! c.</subfield>
    <subfield code="c">ill.</subfield>
    <subfield code="d">8ʻ</subfield>
  </datafield>
  <datafield tag="300" ind1=" " ind2=" ">
    <subfield code="a">Opera di incerto autore, attribuita a s. Bonaventura</subfield>
  </datafield>
  <datafield tag="500" ind1="1" ind2="1">
    <subfield code="3">IT\ICCU\CNCE\023258</subfield>
    <subfield code="a">Meditationes vitae Christi</subfield>
  </datafield>
  <datafield tag="620" ind1=" " ind2=" ">
    <subfield code="a">IT</subfield>
    <subfield code="d">Venezia</subfield>
  </datafield>
  <datafield tag="702" ind1=" " ind2="0">
    <subfield code="a">Bonaventura</subfield>
    <subfield code="c"> : da#Bagnorea</subfield>
    <subfield code="c"> &lt;santo&gt;</subfield>
    <subfield code="3">IT\ICCU\CNCA\001077</subfield>
  </datafield>
  <datafield tag="712" ind1="0" ind2="0">
    <subfield code="a">Bindoni, Francesco &lt;1.&gt; &amp; Pasini, Maffeo</subfield>
    <subfield code="3">IT\ICCU\CNCT\000060</subfield>
    <subfield code="4">650</subfield>
  </datafield>
  <datafield tag="790" ind1=" " ind2="0">
    <subfield code="a">Bonaventura</subfield>
    <subfield code="c"> : da#Bagnoregio</subfield>
    <subfield code="c"> &lt;santo&gt;</subfield>
    <subfield code="3">IT\ICCU\CNCA\012695</subfield>
    <subfield code="z">Bonaventura : da#Bagnorea &lt;santo&gt;</subfield>
  </datafield>
  <datafield tag="790" ind1=" " ind2="0">
    <subfield code="a">Eutichio</subfield>
    <subfield code="3">IT\ICCU\CNCA\018565</subfield>
    <subfield code="z">Bonaventura : da#Bagnorea &lt;santo&gt;</subfield>
  </datafield>
  <datafield tag="790" ind1=" " ind2="0">
    <subfield code="a">Giovanni Pietro</subfield>
    <subfield code="c"> : di#Fidenza</subfield>
    <subfield code="3">IT\ICCU\CNCA\018566</subfield>
    <subfield code="z">Bonaventura : da#Bagnorea &lt;santo&gt;</subfield>
  </datafield>
  <datafield tag="791" ind1="0" ind2="2">
    <subfield code="a">℗al segno dell&apos;℗Angelo Raffaele</subfield>
    <subfield code="c"> &lt;1531-1546&gt;</subfield>
    <subfield code="3">IT\ICCU\CNCT\002984</subfield>
    <subfield code="z">Bindoni, Francesco &lt;1.&gt; &amp; Pasini, Maffeo</subfield>
  </datafield>
  <datafield tag="801" ind1=" " ind2="3">
    <subfield code="a">IT</subfield>
    <subfield code="b">ICCU</subfield>
    <subfield code="c">20201115</subfield>
  </datafield>
  <datafield tag="899" ind1=" " ind2=" ">
    <subfield code="a">Biblioteche della Fondazione Giorgio Cini onlus. Venezia</subfield>
    <subfield code="1">VE0239</subfield>
    <subfield code="2">VEA FC</subfield>
  </datafield>
</record>
</collection>
